@article{symeonidis2014transitive,
  title={Transitive node similarity: predicting and recommending links in signed social networks},
  author={Symeonidis, Panagiotis and Tiakas, Eleftherios},
  journal={World Wide Web},
  volume={17},
  number={4},
  pages={743--776},
  year={2014},
  publisher={Springer}
}